@online{wikipedia,
    author = "Wikipedia",
    title = "Physarum polycephalum",
    url  = "https://fr.wikipedia.org/wiki/Physarum_polycephalum"
}
 
@book{blob,
    title = {Tout ce que vous avez toujours voulu savoir sur le blob sans jamais oser le demander},
    author = {Audrey Dussutour},
    isbn = {9782849904985},
    year = {2017},
    publisher = {Éditions Équateurs Sciences}
}

@online{futura,
    author = "FuturaSciences",
    title = "Le blob mémorise sans cerveau en absorbant des substances",
    url  = "https://www.futura-sciences.com/planete/actualites/botanique-blob-memorise-cerveau-absorbant-substances-62597/"
}
 